@book{Wtheorie,
    title = {Wahrscheinlichkeitstheorie},
    author = {Achim Klenke},
    publisher = {Springer},
    year = {2013},
    edition = {3.}
}

@misc{karrieretutor_sql,
  author       = "{karriere tutor GmbH}",
  title        = "{Die 19 wichtigsten SQL Befehle, die jeder kennen sollte}",
  year         = "{n.d.}",
  howpublished = "\url{https://blog.karrieretutor.de/weiterbildung/die-19-wichtigsten-sql-befehle/}",
  note         = "{Accessed: 27 Nov. 2024}"
}

@misc{metric_conversions_fahrenheit,
  author       = "{Metric Conversions}",
  title        = "{Fahrenheit in Celsius umrechnen}",
  year         = "{n.d.}",
  howpublished = "\url{https://www.metric-conversions.org/de/temperatur/fahrenheit-in-celsius.htm}",
  note         = "{Accessed: 27 Nov. 2024}"
}

@misc{w3schools_sql,
  author       = "{W3Schools}",
  title        = "{SQL Tutorial}",
  year         = "2024",
  howpublished = "\url{https://www.w3schools.com/sql/}",
  note         = "{Accessed: 27 Nov. 2024}"
}

@misc{tfa_niederschlag,
  author       = {TFA Dostmann GmbH \& Co. KG},
  title        = {Niederschlag},
  year         = {2024},
  url          = {https://www.tfa-dostmann.de/wetter/niederschlag/},
  note         = {Zugriff am 27. November 2024}
}

